@article{ruby,
	author = "Zhou, Yihe",
	title = "Modeling and Algorithms: Applications in Power	Systems and Facility Layouts",
	year = "2021",
}